00668nx  a2200241   4500
001 3943
003 http://catalogue.bnf.fr/ark:/12148/cb12357402g
005 20240512064518.0
010    $a 0000000006483569 $2 ISNI $d 20150312
033    $a http://catalogue.bnf.fr/ark:/12148/cb12357402g
035    $a FRBNF12357402X
039    $o OPL $a 009549242
100    $a 19940103afrey50      ba0
101    $a fre
102    $a FR
105    $a a
106    $a 1
200    $7 ba0yba0y $8 fre    $9  0  $a Righi $b Dominique
300 0  $a Documentaliste
801    $a FR $b FR-751131015 $c 19940103
810    $a Animer une BCD / Dominique Righi, 1993
999    $a FRBNF12357402X $b 12357402
152    $b NP

