00805cx  a2200265   4500
001 5230
003 http://catalogue.bnf.fr/ark:/12148/cb118955693
005 20240509062955.0
010    $a 0000000029998995 $2 VIAF $d 20130724
033    $a http://catalogue.bnf.fr/ark:/12148/cb118955693
035    $a FRBNF118955691
039    $o OPL $a 000574778
100    $a 19770606afrey50      ba0
101    $a fre
102    $a FR
103    $a  1944
105    $a a
106    $a 1
200    $7 ba0yba0y $8 fre    $9  0  $a Cattan $b Geneviève $f 1944-....
300 0  $a Traduit aussi de l'italien en français
300 0  $a Journaliste
801    $a FR $b FR-751131015 $c 19890131
810    $a Tous les enfants peuvent réussir / A. de la Garanderie, G. Cattan, 1988
999    $a FRBNF118955691 $b 11895569
152    $b NP

