01430cx  a2200385   4500
001 9357
003 http://catalogue.bnf.fr/ark:/12148/cb13091411f
005 20240516071857.0
010    $a 0000000115561749 $2 VIAF $d 20130730
033    $a http://catalogue.bnf.fr/ark:/12148/cb13091411f
035    $a FRBNF13091411X
039    $o OPL $a 001580556 $z AMA
039    $o OPL $a 000676879 $z APP
039    $o OPP $a 14301451 $d 20090525
039    $o OPP $a 14857355 $d 20090525
039    $o OPP $a 16340141 $d 20201107
100    $a 19761123afrey50      ba0
101    $a fre
102    $a FR
103    $a  18940420  19780412
105    $a a $a p
106    $a 010
120    $a b
200    $7 ba0yba0y $8 fre    $9  0  $a Delteil $b Joseph $f 1894-1978
300    $a Homme de lettres
301    $a Villar en Val (Aude) $b Grabels (Hérault)
400    $7 ba0yba0y $8 fre    $9     $a Deltel $b J. $f 1894-1878
400    $7 ba0yba0y $8 fre    $9     $a Delteil $b Josèp $f 1894-1978
686    $a 800 $c Histoire et critique littéraires $2 Note de regroupement par domaine
801    $a FR $b FR-751131015 $c 20201107
810    $a La Deltheillerie / Joseph Delteil, 1968 $a Le coeur grec / J. Deltel, 1919 $a Francès d'Assisi / Josèp Delteil ; tornat a l'occitan per Juli Plancada e Joan Larzac, 1978
810    $a GDEL $a Beaumarchais $a Qui était qui, XXe siècle, 2005
810    $a BN Cat. gén. 1960-1969 : Delteil (Joseph)
999    $a FRBNF13091411X $b 13091411
152    $b NP

