01273cx  a2200313   4500
001 12005
003 http://catalogue.bnf.fr/ark:/12148/cb13900572c
005 20240514055135.0
010    $a 0000000120211823 $2 VIAF $d 20130731
033    $a http://catalogue.bnf.fr/ark:/12148/cb13900572c
035    $a FRBNF139005728
100    $a 19890601afrey50      ba0
102    $a GB
103    $a  19450309
105    $a i
106    $a 1
120    $a b
152    $c 2 $b NP
200    $7 ba0yba0y $8 fre    $9  0  $a Trower $b Robin $f 1945-....
300 0  $a Chanteur et guitariste de rock
510    $5 xxxk $0 Membre de :  $3 13905909 $a Procol harum
510    $5 xxxk $0 Membre de :  $3 13905654 $a The Paramounts $p 1959-1966
510    $5 xxxk $0 Membre de :  $3 13906197 $a Robin Trower
686    $a 780 $c Musique $2 Note de regroupement par domaine
801    $a FR $b FR-751131015 $c 20101119
810    $a Bridge of sighs [Enregistrement sonore] / Robin Trower, guit. électr., chant. Chrysalis NL37734
810    $a Rate your music [Né à Catford] - http://www.rateyourmusic.com (2010-11-17) $a All Music Guide [Né à Londres] - http://www.allmusic.com (2000-04-07)
856    $u http://www.rateyourmusic.com/ $e 2010-11-17 $u http://www.allmusic.com/ $e 2000-04-07
999    $a FRBNF139005728 $b 13900572

