01413cx  a2200301   4500
001 17696
003 http://catalogue.bnf.fr/ark:/12148/cb13959235j
005 20240515043934.0
010    $a 0000000107203861 $2 ISNI $d 20150313
033    $a http://catalogue.bnf.fr/ark:/12148/cb13959235j
035    $a FRBNF139592357
100    $a 19931029afrey50      ba0
102    $a GB
103    $a  1988
105    $a i $a a $a p $c s $d g
106    $a 010
150    $a y $b v8
152    $c 2 $b CO
210    $7 ba0yba0y $8 fre    $9 20  $a Paradise lost
300    $a Groupe de rock heavy metal. - À choisi son nom en hommage au poème épique le Paradis perdu de l'auteur John Milton (1562-1647)
303    $a Halifax (Angleterre)
307    $a Holmes, Nick, chant $a Mackintosh, Gregor, guitare électrique $a Aedy, Aaron, guitare rhythmique $a Edmondson, Stephen, guitare basse $a Archer, Matthew, percussions, batterie $a Morris, Lee, batterie
801    $a FR $b FR-751131015 $c 20160307
810    $a Host [Enregistrement sonore]. EMI 4999472
810    $a Allmusic.com - http://www.allmusic.com/artist/paradise-lost-p13905 (2012-01-16) $a Discogs - http://www.discogs.com/artist/Paradise+Lost (2012-01-16)
856    $u http://www.paradiselost.co.uk $e 2005-03-23
856    $u http://www.allmusic.com/artist/paradise-lost-p13905 $e 2012-01-16 $u http://www.discogs.com/artist/Paradise+Lost $e 2012-01-16
999    $a FRBNF139592357 $b 13959235

