02464cx  a2200505   4500
001 20649
003 http://catalogue.bnf.fr/ark:/12148/cb126479296
005 20240518062455.0
033    $a http://catalogue.bnf.fr/ark:/12148/cb126479296
035    $a FRBNF126479295
039    $o OPL $a 001597114
039    $o OPL $a 002428487
039    $o OPP $a 12003640 $d 20121126
100    $a 19810414afrey50      ba0
106    $a 211
152    $b SNC $c 2
159    $a rameau
250    $7 ba0yba0y $8 fre    $9     $a Illustrations $x Interprétation
450    $7 ba0yba0y $8 fre    $9     $a Analyse de l'image
450    $7 ba0yba0y $8 fre    $9     $a Iconicité
450    $7 ba0yba0y $8 fre    $9     $a Iconologie
450    $7 ba0yba0y $8 fre    $9     $a Illustrations, images, etc. $x Interprétation
450    $7 ba0yba0y $8 fre    $9     $a Images $x Analyse
450    $7 ba0yba0y $8 fre    $9     $a Images $x Interprétation
450    $7 ba0yba0y $8 fre    $9     $a Interprétation de l'image
450    $7 ba0yba0y $8 fre    $9     $a Sémiologie de l'image
450    $7 ba0yba0y $8 fre    $9     $a Sémiologie visuelle
450    $7 ba0yba0y $8 fre    $9     $a Sémiotique de l'image
450    $7 ba0yba0y $8 fre    $9     $a Sémiotique visuelle
550    $5 z $0 Voir aussi $3 15947207 $7 ba0yba0y $8 fre    $9     $a Éducation à l'image
550    $5 z $0 Voir aussi $3 11965165 $7 ba0yba0y $8 fre    $9     $a Langage publicitaire
550    $5 z $0 Voir aussi $3 17702035 $7 ba0yba0y $8 fre    $9     $a Littératie visuelle
550    $5 z $0 Voir aussi $3 11940675 $7 ba0yba0y $8 fre    $9     $a Sémiotique et art
550    $5 z $0 Voir aussi $3 12066930 $7 ba0yba0y $8 fre    $9     $a Sémiotique et audiovisuel
550    $5 z $0 Voir aussi $3 11965199 $7 ba0yba0y $8 fre    $9     $a Sémiotique et cinéma
550    $5 z $0 Voir aussi $3 12148682 $7 ba0yba0y $8 fre    $9     $a Sémiotique et photographie
550    $5 h $3 18038836 $7 ba0yba0y $8 fre    $9     $a Culture visuelle
550    $5 g $3 12048371 $7 ba0yba0y $8 fre    $9     $a Perception des images
686    $a 401 $2 Note de regroupement par domaine
686    $a 740 $c Dessin, arts décoratifs, artisanat d'art $2 Note de regroupement par domaine
801    $a FR $b FR-751131015 $c 20210920
822 12 $a Picture interpretation $2 LCSH $u http://id.loc.gov/authorities/subjects/sh85102003 $d 2021-09-20
822 12 $a Illustrations, images, etc. -- Interprétation $2 RVMLaval $d 2021-09-20
822 14 $a Iconicity (Linguistics) $2 LCSH $u http://id.loc.gov/authorities/subjects/sh98001390 $d 2021-09-20
999    $a FRBNF126479295 $b 12647929

