01225cx  a2200277   4500
001 22170
003 http://catalogue.bnf.fr/ark:/12148/cb12302385g
005 20240505052714.0
010    $a 0000000001730452 $2 VIAF $d 20130726
033    $a http://catalogue.bnf.fr/ark:/12148/cb12302385g
035    $a FRBNF123023856
039    $o OPL $a 008840348
100    $a 19930326afrey50      ba0
101    $a fre
102    $a FR
103    $a  19510623  200706
105    $a a
106    $a 1
120    $a b
200    $7 ba0yba0y $8 fre    $9  0  $a Nicoloyannis $b Nicolas $f 1951-2007
300 0  $a Professeur des Universités et directeur du laboratoire ERIC, Équipe de recherche en ingénierie des connaissances de l'Université Lyon II. - Docteur en informatique et analyse des données (Lyon I, 1988)
801    $a FR $b FR-751131015 $c 20070713
810    $a Structures prétopologiques et classification automatique : le logiciel DEMON / Nicolas Nicoloyannis, 1988 [thèse] $a Intelligence artificielle et sciences humaines : [colloque, Bron, juin 1991] / [organisé par l'AIDRI] ; textes réunis par Marcel Brissaud, Marc Grange, Nicolas Nicoloyannis, 1991
810    $a Monde, 2007-06-21
999    $a FRBNF123023856 $b 12302385
152    $b NP

