01129cx  a2200349   4500
001 25014
003 http://catalogue.bnf.fr/ark:/12148/cb120799387
005 20240515065324.0
010    $a 000000012131017X $2 VIAF $d 20130724
033    $a http://catalogue.bnf.fr/ark:/12148/cb120799387
035    $a FRBNF120799388
039    $o OPL $a 004075356
039    $o OPP $a 10930552 $d 20220201
039    $o OPP $a 11496813 $d 20220624
100    $a 19880712afrey50      ba0
101    $a fre
102    $a FR
103    $a  19220502  20220524
105    $a a
106    $a 1
120    $a b
200    $7 ba0yba0y $8 fre    $9  0  $a Aftalion $b Fred $f 1922-2022
300 0  $a Ingénieur-chimiste
301    $a Paris (8e) $b Paris (14e)
400    $7 ba0yba0y $8 fre    $9     $a Aftalion $b Alfred
801    $a FR $b FR-751131015 $c 20220624
810    $a Histoire de la chimie / F. Aftalion, 1988
810    $a WW, France 1987-1988 $a INSEE, Fichier des décès - https://deces.matchid.io/search (2022-06-24)
810    $a BN Cat. gén. 1960-1969
856    $u https://deces.matchid.io/search $e 2022-06-24
999    $a FRBNF120799388 $b 12079938
152    $b NP

