01206cx  a2200337   4500
001 29894
003 http://catalogue.bnf.fr/ark:/12148/cb119289418
005 20240516065812.0
010    $a 0000000121020973 $2 VIAF $d 20130724
033    $a http://catalogue.bnf.fr/ark:/12148/cb119289418
035    $a FRBNF119289413
039    $o OPL $a 001592964 $z AMA
039    $o OPL $a 001477428 $z APP
039    $o OPP $a 15490473 $d 20130808
100    $a 19750813afrey50      ba0
101    $a eng
102    $a GB
103    $a  19031028  19660410
105    $a a $a i $a p
106    $a 010
120    $a b
152    $c 2 $b NP
200    $7 ba0yba0y $8 fre    $9  0  $a Waugh $b Evelyn $f 1903-1966
300    $a Romancier
301    $a Londres (Royaume-Uni) $b Taunton (Royaume-Uni)
686    $a 800 $c Histoire et critique littéraires $2 Note de regroupement par domaine
801    $a FR $b FR-751131015 $c 20240404
810    $a Waugh en Abyssinie / Evelyn Waugh ; trad. de l'anglais par Béatrice Vierne, 1989
810    $a BLNA, 1995-02 : Waugh, Evelyn, 1903-1966 $a Oxford English lit. $a Encycl. Britannica, 15th ed.
810    $a BN Cat. gén. : Waugh (Evelyn Arthur St. John) $a BN Cat. gén. 1960-1969
999    $a FRBNF119289413 $b 11928941

