00809cx  a2200253   4500
001 33407
003 http://catalogue.bnf.fr/ark:/12148/cb12631190d
005 20240514043026.0
010    $a 0000000110351232 $2 VIAF $d 20130729
033    $a http://catalogue.bnf.fr/ark:/12148/cb12631190d
035    $a FRBNF12631190X
039    $o OPL $a 001215721
100    $a 19751127afrey50      ba0
101    $a fre
102    $a FR
103    $a  19..
105    $a a
106    $a 1
120    $a b
200    $7 ba0yba0y $8 fre    $9  0  $a Petitjean $b Roger $f 19..-.... $c éditeur scientifique
801    $a FR $b FR-751131015 $c 20110126
810    $a L'homme en proie aux enfants / Albert Thierry ; introduit par Jean Houssaye ; présenté par Roger Petitjean, impr. 2010
999    $a FRBNF12631190X $b 12631190
152    $b NP

