01025cx  a2200301   4500
001 36783
003 http://catalogue.bnf.fr/ark:/12148/cb138992178
005 20240514055107.0
010    $a 0000000119460750 $2 VIAF $d 20130731
033    $a http://catalogue.bnf.fr/ark:/12148/cb138992178
035    $a FRBNF138992170
039    $o OPP $a 14775149 $d 20070223
100    $a 19890601afrey50      ba0
102    $a US
103    $a  19551010
105    $a a $a i
106    $a 1
120    $a b
152    $c 2 $b NP
200    $7 ba0yba0y $8 fre    $9  0  $a Roth $b David Lee $f 1955-....
300 0  $a Chanteur de hard-rock
301    $a Bloomington (Ind.)
510    $5 xxxk $0 Membre de :  $3 13907276 $7 ba0yba0y $8 fre    $9 20  $a Van Halen $p 1973-1985
801    $a FR $b FR-751131015 $c 20070223
810    $a Crazy from the heat [Enregistrement sonore] / David Lee Roth, chant. Warner Bros 9252221
810    $a allmusic - http://allmusic.com (2007-02-23) $a York
856    $u http://allmusic.com $e 2007-02-23
999    $a FRBNF138992170 $b 13899217

