01156cx  a2200313   4500
001 40182
003 http://catalogue.bnf.fr/ark:/12148/cb13942437w
005 20240507075820.0
010    $a 0000000083889503 $2 VIAF $d 20130731
033    $a http://catalogue.bnf.fr/ark:/12148/cb13942437w
035    $a FRBNF139424377
039    $o OPP $a 13791608 $d 20100208
039    $o OPP $a 13791607 $d 20100208
100    $a 19910923afrey50      ba0
101    $a eng
102    $a US
103    $a  18780703  19421105
105    $a a
106    $a 010
120    $a b
152    $c 2 $b NP
200    $7 ba0yba0y $8 fre    $9  0  $a Cohan $b George Michael $f 1878-1942
300    $a Chef d'orchestre et compositeur de chansons
400    $7 ba0yba0y $8 fre    $9     $a Cohan $b George M. $f 1878-1942
686    $a 780 $c Musique $2 Note de regroupement par domaine
801    $a FR $b FR-751131015 $c 20160926
810    $a John McCormack in American songs [Enregistrement sonore] / Ray Henderson, Frederick Knight Logan, George Michael Cohan... [et al.], comp. Pearl GEMMCD9971 $a George M. Cohan : the man who owned Broadway / John McCabe, 1980
810    $a Kinkle
999    $a FRBNF139424377 $b 13942437

