00995cx  a2200301   4500
001 42127
003 http://catalogue.bnf.fr/ark:/12148/cb16666677z
005 20240507023609.0
033    $a http://catalogue.bnf.fr/ark:/12148/cb16666677z
035    $a FRBNF166666776
100    $a 20130228afrey50      ba0
101    $a kor
102    $a KR
103    $a  19..
105    $a a
106    $a 1
120    $a a
152    $c 2 $b NP
200    $7 ba0yba0y $8 fre    $9  1  $a Yi $b Eun-jin
300 0  $a Auteur de livres pour enfants
400    $7 ba0yba0y $8 fre    $9     $a Li $b Eun-jin
400    $7 ba0yba0y $8 fre    $9     $a Lee $b Eun-jin
400    $7 ba0yba0y $8 fre    $9     $a Eun-jin $b Yi
700    $7 ba0yba0d $8 fre||| $9  0  $a I $b Ūn-Čin
700    $7 ba0yka0y $8 fre||| $9  0  $a 이 $b 은진
801    $a FR $b FR-751131015 $c 20130228
810    $a Le chien / textes de Dreaming Green et Yi Eun-jin ; traduit du coréen par Lim Yeong-hee et Françoise Nagel, impr. 2012
999    $a FRBNF166666776 $b 16666677

