01361cx  a2200265   4500
001 43880
003 http://catalogue.bnf.fr/ark:/12148/cb13756985z
005 20240506070305.0
010    $a 0000000000991239 $2 VIAF $d 20130731
033    $a http://catalogue.bnf.fr/ark:/12148/cb13756985z
035    $a FRBNF137569858
039    $o OPL $a 015836453
100    $a 20011218afrey50      ba0
101    $a fre
102    $a FR
103    $a  19..
105    $a a
106    $a 1
120    $a a
200    $7 ba0yba0y $8 fre    $9  0  $a Loux $b Nathalie
300 0  $a Maître en droit et en sciences politiques, titulaire d'un 3e cycle d'administration des entreprises. - Dirigeante d'une société internationale spécialisée en management. Anime des formations sur les relations publiques et le protocole des collectivités locales pour le Centre national de la fonction publique territoriale (en 2001). - Formée aux États-Unis par le groupe Franklin Covey, le n° 1 de la gestion du temps et des priorités, consultante auprès de chefs d'entreprise (en 2005)
801    $a FR $b FR-751131015 $c 20050830
810    $a Le protocole dans les collectivités locales : mode d'emploi, usages et pratiques / Nathalie Loux, 2001 $a Optimiser son temps et ses priorités : conseils pratiques / par Nathalie Loux, cop. 2005
999    $a FRBNF137569858 $b 13756985
152    $b NP

