00812nx  a2200253   4500
001 47456
003 http://catalogue.bnf.fr/ark:/12148/cb13524523v
005 20240514044820.0
010    $a 0000000001519913 $2 ISNI $d 20150312
033    $a http://catalogue.bnf.fr/ark:/12148/cb13524523v
035    $a FRBNF135245238
039    $o OPL $a 014428317
100    $a 19990526afrey50      ba0
101    $a dut
102    $a NL
105    $a a
106    $a 1
152    $c 2 $b NP
200    $7 ba0yba0y $8 fre    $9  0  $a Meersman $b Min de
300 0  $a Coordinatrice d'exposition
400    $7 ba0yba0y $8 fre    $9     $a De Meersman $b Min
801    $a FR $b FR-751131015 $c 19990526
810    $a Splendeurs du Maroc : [exposition, Tervuren... 1998-1999] / [catalogue par Ivo Grammet, Min De Meersman], 1998
999    $a FRBNF135245238 $b 13524523

