01213cx  a2200277   4500
001 51384
003 http://catalogue.bnf.fr/ark:/12148/cb13976919x
005 20240514064216.0
010    $a 0000000382097178 $2 ISNI $d 20150313
033    $a http://catalogue.bnf.fr/ark:/12148/cb13976919x
035    $a FRBNF139769195
100    $a 19950531afrey50      ba0
102    $a FR
103    $a  1967
105    $a i $a p
106    $a 1
120    $a a
200    $7 ba0yba0y $8 fre    $9  0  $a Ophèle $b Emmanuelle $f 1967-....
300 0  $a Flûtiste. - Membre de l'Ensemble InterContemporain à partir de 1987
400    $5 j $7 ba0yba0y $8 fre    $9  0  $a Ophèle-Gaubert $b Emmanuelle $f 1967-....
510    $3 17014964 $7 ba0yba0y $8 fre    $9 20  $a Le Trio Antara
801    $a FR $b FR-751131015 $c 20080924
810    $a Jeu des cinq éléments I. Terre-feu. Méta-terre-eau... [etc.] / Ton-That Tiêt. REM 311232
810    $a Lijnen [Enregistrement sonore] / Helen Tulve, comp. ; Arianna Savall, chant ; Emmanuelle Ophèle-Gaubert, Mihkel Peäske, fl. ; NNYD ensemble, Stockholm saxophone quartet, Silesian string quartet, ens. instr. ; Olaris Elts, dir. ECM New series 476 6389
999    $a FRBNF139769195 $b 13976919
152    $b NP

