01081cx  a2200277   4500
001 53177
003 http://catalogue.bnf.fr/ark:/12148/cb10321972p
005 20240518043902.0
010    $a 0000000063993709 $2 VIAF $d 20130716
033    $a http://catalogue.bnf.fr/ark:/12148/cb10321972p
035    $a FRBNF10321972X
100    $a 19970701afrey50      ba0
101    $a eng
102    $a GB
103    $a  1887      1978
105    $a a
106    $a 010
120    $a a
152    $c 2 $b NP
200    $7 ba0yba0y $8 fre    $9  0  $a Mirrlees $b Hope $f 1887-1978
300    $a Poète. - Auteur de science-fiction
801    $a FR $b FR-751131015 $c 20210615
810    $a Lud in the mist / Hope Mirrlees; introduction by Lin Carter, 1970 $a Lud-en-Brume / Hope Mirrlees ; illustrations de Hugo de Faucompret, DL 2015
810    $a Internet speculative fiction database - http://www.isfdb.org (2013-04-30) $a LC Authorities - https://lccn.loc.gov/no2001048986 (2021-06-15)
856    $u http://www.isfdb.org $e 2013-04-30 $u https://lccn.loc.gov/no2001048986 $e 2021-06-15
999    $a FRBNF10321972X $b 10321972

