01713cx  a2200349   4500
001 54986
003 http://catalogue.bnf.fr/ark:/12148/cb12718137d
005 20240514051359.0
010    $a 0000000109163947 $2 VIAF $d 20130729
033    $a http://catalogue.bnf.fr/ark:/12148/cb12718137d
035    $a FRBNF12718137X
039    $o OPL $a 004036588
039    $o OPP $a 14059794 $d 20090923
039    $o OPP $a 11481899 $d 20090923
039    $o OPP $a 10990010 $d 20090923
100    $a 19880602afrey50      ba0
101    $a fre
102    $a FR
103    $a  19180919  19790203
105    $a a
106    $a 1
120    $a b
200    $7 ba0yba0y $8 fre    $9  0  $a Barnier $b Lucien $f 1918-1979
300 0  $a Journaliste scientifique. Rédacteur en chef de la revue "Futur". - Écrivain. - A utilisé également le pseudonyme : Lucien Néret
301    $a Paris, 14e arrondissement (France) $b Paris, 9e arrondissement (France)
801    $a FR $b FR-751131015 $c 20210312
810    $a À quoi rêvent les savants soviétiques / Lucien Barnier, 1958
810    $a Dictionnaire de la politique française : vol. IV / Henry de Coston, 1982 $a Dictionnaire de la radio / R. Prot, 1997 $a Dictionnaire des écrivains pour la jeunesse, 1969 [né en 1920] $a État civil de Paris. 14e arrondissement. Naissances, acte n° 7003 du 19 septembre 1918 - http://archives.paris.fr (2020-08-28) $a Le coin des pseudonymes et autres compléments biographiques / par Patrick Ramseyer. In : Rocambole : Bulletin des amis du roman populaire, n° 93-94, hiver 2020-printemps 2021 (p. 296)
810    $a BN Cat. gén. suppl. $a BN Cat. gén. 1960-1969
856    $u http://archives.paris.fr $e 2020-08-28
999    $a FRBNF12718137X $b 12718137
152    $b NP

