01919cx  a2200361   4500
001 56505
003 http://catalogue.bnf.fr/ark:/12148/cb11902430c
005 20240519032333.0
010    $a 0000000374086292 $2 VIAF $d 20130724
033    $a http://catalogue.bnf.fr/ark:/12148/cb11902430c
035    $a FRBNF119024308
039    $o OPL $a 000755013 $z APP
039    $o OPL $a 014394530 $z AMA
039    $o OPP $a 14891326 $d 20090727
100    $a 19840315afrey50      ba0
101    $a fre
102    $a CH
103    $a  19270421  20170115
105    $a a
106    $a 010
120    $a b
152    $c 2 $b NP
200    $7 ba0yba0y $8 fre    $9  0  $a Favrod $b Charles-Henri $f 1927-2017
300    $a Journaliste et écrivain, photographe. - Directeur et conservateur du Musée de l'Élysée, Lausanne, jusqu'en 1996. - Producteur de films
301    $a Montreux (Suisse)
686    $a 770 $c Photographie $2 Note de regroupement par domaine
686    $a 900 $c Histoire et géographie (généralités) $2 Note de regroupement par domaine
801    $a FR $b FR-751131015 $c 20170118
810    $a Pierre Verger : le messager : photographies 1932-1962 / Jean-Loup Pivin, Pascal Martin Saint-Léon ; postf., Charles-Henri Favrod, 1993 $a Le défi du désert ; suivi de Le retour au Yémen / Charles-Henri Favrod, 2004
810    $a Charles-Henri Favrod : Musée de l'Elysée, Losanna 1985-1995, 1998 $a Internet - http://www.actufiches.ch/content.php?name=Favrod&vorname=Charles-Henri (2004-04-30) $a LivresHebdo - http://www.livreshebdo.fr/article/mort-de-charles-henri-favrod-fondateur-de-musee-de-lelysee (2017-01-18)
810    $a BN Cat. gén. suppl. et BN Cat. gén. 1960-1969 : Favrod (Charles-Henri)
856    $u http://www.actufiches.ch/content.php?name=Favrod&vorname=Charles-Henri $e 2004-04-30 $u http://www.livreshebdo.fr/article/mort-de-charles-henri-favrod-fondateur-de-musee-de-lelysee $e 2017-01-18
999    $a FRBNF119024308 $b 11902430

