01507cx  a2200349   4500
001 58175
003 http://catalogue.bnf.fr/ark:/12148/cb11948380x
005 20240517021446.0
033    $a http://catalogue.bnf.fr/ark:/12148/cb11948380x
035    $a FRBNF119483806
039    $o OPL $a 001741454
100    $a 19820908afrey50      ba0
106    $a 211
152    $b SNC $c 2
159    $a rameau
250    $7 ba0yba0y $8 fre    $9     $a Art inuit
450    $7 ba0yba0y $8 fre    $9     $a Inuits $x Art
550    $5 z $0 Voir aussi $3 12048170 $7 ba0yba0y $8 fre    $9     $a Artistes inuits
550    $5 z $0 Voir aussi $3 11932136 $7 ba0yba0y $8 fre    $9     $a Inuits
550    $5 h $3 12475324 $7 ba0yba0y $8 fre    $9     $a Dessin inuit
550    $5 h $3 15097258 $7 ba0yba0y $8 fre    $9     $a Estampe inuit
550    $5 h $3 12434255 $7 ba0yba0y $8 fre    $9     $a Masques inuits
550    $5 h $3 12099055 $7 ba0yba0y $8 fre    $9     $a Sculpture inuit
550    $5 h $3 12430719 $7 ba0yba0y $8 fre    $9     $a Textiles et tissus inuits
550    $5 h $3 13174686 $7 ba0yba0y $8 fre    $9     $a Travail du cuir inuit
686    $a 390 $c Ethnologie, anthropologie, folklore $2 Note de regroupement par domaine
686    $a 700 $c Arts $2 Note de regroupement par domaine
801    $a FR $b FR-751131015 $c 20100819
822 12 $a Art inuit $2 RVMLaval $d 2010-08-19
822 1  $a Eskimo art $2 LCSH $u http://id.loc.gov/authorities/subjects/sh85007646 $d 2017-02-09
822 1  $a Inuit art $2 LCSH $u http://id.loc.gov/authorities/subjects/sh94007417 $d 2017-02-09
999    $a FRBNF119483806 $b 11948380

