03449cx  a2200565   4500
001 63751
003 http://catalogue.bnf.fr/ark:/12148/cb119342391
005 20240506054358.0
033    $a http://catalogue.bnf.fr/ark:/12148/cb119342391
035    $a FRBNF119342392
039    $o OPL $a 00155534X
100    $a 19810212afrey50      ba0
106    $a 211
152    $b SNC $c 2
159    $a rameau
250    $7 ba0yba0y $8 fre    $9     $a Indiens (de l'Inde)
330    $a Sous cette vedette, obligatoirement suivie d'une subdivision géographique ou de la subdivision : À l'étranger, directement ou après une subdivision de sujet, on trouve les documents sur les citoyens de l'Inde hors de l'Inde. Les documents sur les citoyens de l'Inde en Inde se trouvent sous des vedettes-matière telles que : Moeurs et coutumes--Inde ; etc.
330    $a L'adjectif de nationalité correspondant est "indien (de l'Inde)"
450    $7 ba0yba0y $8 fre    $9     $a Indiens
450    $7 ba0yba0y $8 fre    $9     $a Indiens de l'Inde
550    $5 z $0 Voir aussi $3 13749758 $7 ba0yba0y $8 fre    $9     $a Américains d'origine indienne $x de l'Inde
550    $5 z $0 Voir aussi $3 11965840 $7 ba0yba0y $8 fre    $9     $a Anglo-Indiens
550    $5 z $0 Voir aussi $3 16709948 $7 ba0yba0y $8 fre    $9     $a Antillais d'origine indienne $x de l'Inde
550    $5 z $0 Voir aussi $3 13318505 $7 ba0yba0y $8 fre    $9     $a Français d'origine indienne $x de l'Inde
550    $5 z $0 Voir aussi $3 11934238 $7 ba0yba0y $8 fre    $9     $a Inde
550    $5 z $0 Voir aussi $3 13775632 $7 ba0yba0y $8 fre    $9     $a Réunionnais d'origine indienne $x de l'Inde
550    $5 z $0 Voir aussi $3 15900608 $7 ba0yba0y $8 fre    $9     $a Sud-Africains d'origine indienne $x de l'Inde
550    $5 h $3 18099031 $7 ba0yba0y $8 fre    $9     $a Intellectuels indiens (de l'Inde)
550    $5 h $3 17722676 $7 ba0yba0y $8 fre    $9     $a Artistes indiens (de l'Inde)
550    $5 h $3 16198392 $7 ba0yba0y $8 fre    $9     $a Commerçants indiens (de l'Inde)
550    $5 h $3 12071244 $7 ba0yba0y $8 fre    $9     $a Écrivains indiens (de l'Inde)
550    $5 h $3 13616362 $7 ba0yba0y $8 fre    $9     $a Enfants indiens (de l'Inde)
550    $5 h $3 18034849 $7 ba0yba0y $8 fre    $9     $a Étudiants indiens (de l'Inde)
550    $5 h $3 15553693 $7 ba0yba0y $8 fre    $9     $a Explorateurs indiens (de l'Inde)
550    $5 h $3 17994367 $7 ba0yba0y $8 fre    $9     $a Goanais
550    $5 h $3 11973928 $7 ba0yba0y $8 fre    $9     $a Indiennes (de l'Inde)
550    $5 h $3 15611258 $7 ba0yba0y $8 fre    $9     $a Indiens (de l'Inde) $y À l'étranger
550    $5 h $3 17064536 $7 ba0yba0y $8 fre    $9     $a Médecins indiens (de l'Inde)
550    $5 h $3 13548654 $7 ba0yba0y $8 fre    $9     $a Militaires indiens (de l'Inde)
550    $5 h $3 13623718 $7 ba0yba0y $8 fre    $9     $a Musulmans indiens (de l'Inde)
550    $5 h $3 13547319 $7 ba0yba0y $8 fre    $9     $a Réfugiés indiens (de l'Inde)
550    $5 h $3 12118761 $7 ba0yba0y $8 fre    $9     $a Travailleurs étrangers indiens (de l'Inde)
550    $5 h $3 16203013 $7 ba0yba0y $8 fre    $9     $a Voyageurs indiens (de l'Inde)
550    $5 g $3 13319127 $7 ba0yba0y $8 fre    $9     $a Ethnologie $y Inde
686    $a 390 $c Ethnologie, anthropologie, folklore $2 Note de regroupement par domaine
801    $a FR $b FR-751131015 $c 20221025
810    $a Grand Larousse universel $a Petit Robert 1, 1993
822 12 $a East Indians $2 LCSH $u http://id.loc.gov/authorities/subjects/sh85040566 $d 2022-10-25
822 12 $a Indiens (Habitants de l'Inde) $2 RVMLaval $d 2022-10-25
999    $a FRBNF119342392 $b 11934239

