03317cx  a2200649   4500
001 65597
003 http://catalogue.bnf.fr/ark:/12148/cb11964891d
005 20240511031634.0
033    $a http://catalogue.bnf.fr/ark:/12148/cb11964891d
035    $a FRBNF119648916
039    $o OPL $a 001965979
100    $a 19840821afrey50      ba0
106    $a 211
152    $b SNC $c 2
159    $a rameau
250    $7 ba0yba0y $8 fre    $9     $a Cuisine (poisson)
450    $7 ba0yba0y $8 fre    $9     $a Cuisine (poissons d'eau douce)
450    $7 ba0yba0y $8 fre    $9     $a Cuisine (poissons de mer)
450    $7 ba0yba0y $8 fre    $9     $a Cuisine (produits de la pêche)
450    $7 ba0yba0y $8 fre    $9     $a Poisson $x Recettes
550    $5 z $0 Voir aussi $3 11973486 $7 ba0yba0y $8 fre    $9     $a Cuisine $x fruits de mer
550    $5 z $0 Voir aussi $3 11977125 $7 ba0yba0y $8 fre    $9     $a Découpage $x cuisine
550    $5 z $0 Voir aussi $3 11975896 $7 ba0yba0y $8 fre    $9     $a Poisson
550    $5 h $3 14584676 $7 ba0yba0y $8 fre    $9     $a Bouillabaisse
550    $5 h $3 15027070 $7 ba0yba0y $8 fre    $9     $a Boulettes (cuisine)
550    $5 h $3 17828582 $7 ba0yba0y $8 frespa $9     $a Ceviche
550    $5 h $3 14503854 $7 ba0yba0y $8 fre    $9     $a Cuisine (anchois)
550    $5 h $3 15015003 $7 ba0yba0y $8 fre    $9     $a Cuisine (anguilles)
550    $5 h $3 12526905 $7 ba0yba0y $8 fre    $9     $a Cuisine (bar européen)
550    $5 h $3 15927637 $7 ba0yba0y $8 fre    $9     $a Cuisine (carpe)
550    $5 h $3 14598618 $7 ba0yba0y $8 fre    $9     $a Cuisine (caviar)
550    $5 h $3 12370434 $7 ba0yba0y $8 fre    $9     $a Cuisine (grenadiers ; poissons)
550    $5 h $3 15040529 $7 ba0yba0y $8 fre    $9     $a Cuisine (hareng)
550    $5 h $3 12526902 $7 ba0yba0y $8 fre    $9     $a Cuisine (lote)
550    $5 h $3 14462464 $7 ba0yba0y $8 fre    $9     $a Cuisine (maquereau)
550    $5 h $3 13542040 $7 ba0yba0y $8 fre    $9     $a Cuisine (morue)
550    $5 h $3 16926376 $7 ba0yba0y $8 fre    $9     $a Cuisine (pâtés)
550    $5 h $3 11964892 $7 ba0yba0y $8 fre    $9     $a Cuisine (quenelles)
550    $5 h $3 17055252 $7 ba0yba0y $8 fre    $9     $a Cuisine (rillettes)
550    $5 h $3 11946043 $7 ba0yba0y $8 fre    $9     $a Cuisine (sardines)
550    $5 h $3 12098571 $7 ba0yba0y $8 fre    $9     $a Cuisine (saumons)
550    $5 h $3 16917184 $7 ba0yba0y $8 fre    $9     $a Cuisine (soles ; poissons)
550    $5 h $3 15558966 $7 ba0yba0y $8 fre    $9     $a Cuisine (surimi)
550    $5 h $3 13572696 $7 ba0yba0y $8 fre    $9     $a Cuisine (tarama)
550    $5 h $3 12549928 $7 ba0yba0y $8 fre    $9     $a Cuisine (thons)
550    $5 h $3 14492700 $7 ba0yba0y $8 fre    $9     $a Cuisine (truites)
550    $5 h $3 14631768 $7 ba0yba0y $8 fre    $9     $a Hachis
550    $5 h $3 13751239 $7 ba0yba0y $8 fre    $9     $a Sashimi
550    $5 h $3 14568998 $7 ba0yba0y $8 fre    $9     $a Tartare (cuisine)
550    $5 h $3 11952982 $7 ba0yba0y $8 fre    $9     $a Terrines (cuisine)
686    $a 640 $c Economie domestique, hôtellerie $2 Note de regroupement par domaine
801    $a FR $b FR-751131015 $c 20190806
810    $a Grand Robert de la langue française, 2001
810    $a La cuisine française / A. Gogué, 1876 $a 100 recettes de poissons en fiches techniques / D. Weber, 1989
822 12 $a Cooking (Fish) $2 LCSH $u http://id.loc.gov/authorities/subjects/sh85032009 $d 2019-08-06
822 12 $a Cuisine (poisson) $2 RVMLaval $d 2019-08-06
999    $a FRBNF119648916 $b 11964891

