01332cx  a2200337   4500
001 69467
003 http://catalogue.bnf.fr/ark:/12148/cb14442340s
005 20240509063029.0
010    $a 0000000120727280 $2 ISNI $d 20150313
033    $a http://catalogue.bnf.fr/ark:/12148/cb14442340s
035    $a FRBNF144423405
100    $a 20021216afrey50      ba0
101    $a cze $t cze
102    $a CZ
103    $a  19..      ....
105    $a a
106    $a 1
120    $a a
152    $c 2 $b NP
200    $7 ba0yba0y $8 fre    $9  0  $a Allendes-Říhová $b Hana
400    $5 j $7 ba0yba0y $8 fre    $9     $a Říhová-Allendes $b Hana
400    $5 j $7 ba0yba0y $8 fre    $9     $a Říhová $b Hana Allendes-
400    $5 j $7 ba0yba0y $8 fre    $9     $a Allendes $b Hana Říhová-
400    $7 ba0yba0y $8 fre    $9     $a Říhová $b Hana
801    $a FR $b FR-751131015 $c 20061017
810    $a Contes tchèques / contes trad. par Arnault Maréchal, Hana Říhová-Allendes et Aurélie Rougé-Garma, 2002
810    $a Bibliothèque nationale, République tchèque - http://www.nkp.cz (2006-10-17)
810    $a BnF Service tchèque
815    $a Malá česk. encykl.. - Česk. biogr. slovník. - Kdo je kdo 1991-1992. - LC Authorities : http://authorities.loc.gov (2006-10-17)
856    $u http://www.nkp.cz $e 2006-10-17
999    $a FRBNF144423405 $b 14442340

