01193cx  a2200289   4500
001 71545
003 http://catalogue.bnf.fr/ark:/12148/cb12990326c
005 20240507032354.0
010    $a 0000000076903717 $2 VIAF $d 20130730
033    $a http://catalogue.bnf.fr/ark:/12148/cb12990326c
035    $a FRBNF129903265
039    $o OPL $a 010703196
100    $a 19941205afrey50      ba0
101    $a fre
102    $a FR
103    $a  19..
105    $a a
106    $a 1
120    $a a
200    $7 ba0yba0y $8 fre    $9  0  $a Zazzo $b Anne
300 0  $a Conservatrice du patrimoine. - En poste au Musée Galliéra (en 2006)
801    $a FR $b FR-751131015 $c 20060609
810    $a Showtime : [exposition, Paris], Musée Galliéra, 3 mars-30 juillet 2006 / [commissaire, Anne Zazzo], impr. 2006
810    $a Université Paris 1 - http://www.univ-paris1.fr/recherche/e-publications/mardi_sorbonne/mardis_de_l_iup_metiers_des_arts_et_de_la_culture/article3210.html (2006-06-09)
856    $u http://www.univ-paris1.fr/recherche/e-publications/mardi_sorbonne/mardis_de_l_iup_metiers_des_arts_et_de_la_culture/article3210.html $e 2006-06-09
999    $a FRBNF129903265 $b 12990326
152    $b NP

