00998cx  a2200277   4500
001 77019
003 http://catalogue.bnf.fr/ark:/12148/cb12126388j
005 20240518030455.0
010    $a 000000011440870X $2 VIAF $d 20130725
033    $a http://catalogue.bnf.fr/ark:/12148/cb12126388j
035    $a FRBNF121263888
039    $o OPL $a 004756041
100    $a 19891004afrey50      ba0
101    $a fre
102    $a FR
103    $a  19..
105    $a a
106    $a 1
120    $a b
200    $7 ba0yba0y $8 fre    $9  0  $a Delitte $b Jean-Yves
300 0  $a Auteur de bandes dessinées. - Architecte-designer de formation, peintre officiel de la Marine, membre de l'Académie des arts & sciences de la mer.
400    $7 ba0yba0y $8 fre    $9     $a Delitte
801    $a FR $b FR-751131015 $c 20220113
810    $a Donnington / texte de Richelle ; dessins de Delitte, 1989 $a À bord des galères / Jean-Yves Delitte, Jean-Benoît Héron, DL 2021
999    $a FRBNF121263888 $b 12126388
152    $b NP

