01624cx  a2200349   4500
001 80835
003 http://catalogue.bnf.fr/ark:/12148/cb122513764
005 20240517071931.0
033    $a http://catalogue.bnf.fr/ark:/12148/cb122513764
035    $a FRBNF122513768
039    $o OPL $a 008201927
100    $a 19920610afrey50      ba0
106    $a 211
152    $b SNC $c 2
159    $a rameau
250    $7 ba0yba0y $8 fre    $9     $a Siréniens
300 1  $a Rang taxonomique : ordre
450    $7 ba0yba0y $8 fre    $9  0  $a Sirenia
450    $7 ba0yba0y $8 fre    $9     $a Vaches de mer
450    $7 ba0yba0y $8 fre    $9     $a Vaches marines
550    $5 h $3 14430560 $7 ba0yba0y $8 fre    $9     $a Dugongidés
550    $5 h $3 12251377 $7 ba0yba0y $8 fre    $9     $a Lamantins
550    $5 g $3 17799913 $7 ba0yba0y $8 fre    $9     $a Afrothériens
550    $5 g $3 12011636 $7 ba0yba0y $8 fre    $9   2 $a Ongulés
686    $a 590 $c Zoologie $2 Note de regroupement par domaine
801    $a FR $b FR-751131015 $c 20100504
810    $a Grand dict. encyclopédique Larousse
810    $a Traité de zoologie. Tome XVII, Mammifères. Fascicule 1 / P.-P. Grassé, 1955 $a Le Monde animal en 13 volumes. 12, Mammifères. 3 / M. Fontaine, 1974 $a ITIS : Sirenia - http://www.itis.gov (2009-08-27) $a Grzimek's animal life encycl.. Volume 15, Mammals IV, 2003 : Sirenia $a Mammal species of the world : a taxonomic and geographic reference, 2005 : Sirenia
822 12 $a Siréniens $2 RVMLaval $d 2010-05-04
822 1  $a Sirenia $2 LCSH $u http://id.loc.gov/authorities/subjects/sh85122967 $d 2017-02-09
856    $u http://www.itis.gov $e 2009-08-27
999    $a FRBNF122513768 $b 12251376

