00806cx  a2200241   4500
001 82423
003 http://catalogue.bnf.fr/ark:/12148/cb14532470z
005 20240514064141.0
010    $a 0000000001086652 $2 ISNI $d 20160216
033    $a http://catalogue.bnf.fr/ark:/12148/cb14532470z
035    $a FRBNF145324709
100    $a 20040319afrey50      ba0
101    $a fre $t cat $t eng
102    $a FR
103    $a  19..      ....
105    $a a
106    $a 1
120    $a a
200    $7 ba0yba0y $8 fre    $9  0  $a Bour $b Marie
801    $a FR $b FR-751131015 $c 20070109
810    $a La nuit de la Saint-Jean / conte de Xavier Carrasco ; [trad. par Marie Bour], 2003 $a Graine de génie / écrit et illustré par Peta Coplans ; [traduit par Marie Bour], cop. 2006
999    $a FRBNF145324709 $b 14532470
152    $b NP

