00918cx  a2200277   4500
001 84174
003 http://catalogue.bnf.fr/ark:/12148/cb14644405c
005 20240514071606.0
010    $a 0000000001094556 $2 ISNI $d 20150312
033    $a http://catalogue.bnf.fr/ark:/12148/cb14644405c
035    $a FRBNF146444056
100    $a 20050712afrey50      ba0
101    $a fre
102    $a FR
103    $a  19..
105    $a a
106    $a 1
120    $a b
200    $7 ba0yba0y $8 fre    $9  0  $a Vasco $f 19..-.... $c journaliste
300 0  $a Journaliste. - Auteur d'ouvrages de loisirs
801    $a FR $b FR-751131015 $c 20050805
810    $a Petits jeux en voyage / [Vasco], DL 2005
810    $a Casterman - http://jeunesse.casterman.com/bio/castVasco/?r=castacti (2005-07-19)
856    $u http://jeunesse.casterman.com/bio/castVasco/?r=castacti $e 2005-07-19
999    $a FRBNF146444056 $b 14644405
152    $b NP

