00927cx  a2200289   4500
001 89437
003 http://catalogue.bnf.fr/ark:/12148/cb12445686c
005 20240518032803.0
010    $a 000000010921517X $2 VIAF $d 20130726
033    $a http://catalogue.bnf.fr/ark:/12148/cb12445686c
035    $a FRBNF124456860
039    $o OPL $a 010912096
039    $o OPP $a 14025240 $d 20060413
100    $a 19950131afrey50      ba0
101    $a eng
102    $a GB
103    $a  1963
105    $a a
106    $a 1
152    $c 2 $b NP
200    $7 ba0yba0y $8 fre    $9  0  $a Freud $b Esther $f 1963-....
300 0  $a Romancière. - Comédienne. - Fille du peintre Lucian Freud et arrière-petite fille de Sigmund Freud
801    $a FR $b FR-751131015 $c 20060413
810    $a Hideous kinky / Esther Freud, 1993
810    $a BLNA, 1997-12 : Freud, Esther, 1963-
810    $a Point, 1999-01-23
999    $a FRBNF124456860 $b 12445686

