00903cx  a2200301   4500
001 97579
003 http://catalogue.bnf.fr/ark:/12148/cb13763537g
005 20240512042103.0
010    $a 0000000121417129 $2 VIAF $d 20130731
033    $a http://catalogue.bnf.fr/ark:/12148/cb13763537g
035    $a FRBNF137635379
039    $o OPL $a 015843113
100    $a 20011220afrey50      ba0
101    $a hun
102    $a HU
103    $a  19671205
105    $a a
106    $a 1
120    $a a
152    $c 2 $b NP
200    $7 ba0yba0y $8 fre    $9  0  $a Tóth $b Krisztina $f 1967-....
300 0  $a Poétesse. - Traductrice
301    $a Budapest
801    $a FR $b FR-751131015 $c 20071004
810    $a Le rêve du Minotaure / Krisztina Tóth . trad. et préf. de Lionel Ray, 2001
810    $a Biográf ki kicsoda, 2004
810    $a BnF Service finno-ougrien, balte
999    $a FRBNF137635379 $b 13763537

