02272cx  a2200349   4500
001 99239
003 http://catalogue.bnf.fr/ark:/12148/cb15957573q
005 20240518054920.0
033    $a http://catalogue.bnf.fr/ark:/12148/cb15957573q
035    $a FRBNF159575739
100    $a 20090302afrey50      ba0
106    $a 211
152    $b SNC $c 2
159    $a rameau
250    $7 ba0yba0y $8 fre    $9     $a Crise économique (2008)
300 1  $a 15 septembre 2008 : la faillite de Lehman Brothers déclenche une crise financière et économique mondiale
450    $7 ba0yba0y $8 fre    $9     $a Crise boursière (2008)
450    $7 ba0yba0y $8 fre    $9     $a Crise de 2008
450    $7 ba0yba0y $8 fre    $9     $a Crise économique (2007-2009)
450    $7 ba0yba0y $8 fre    $9     $a Crise financière (2008)
450    $7 ba0yba0y $8 fre    $9     $a Krach boursier (2008)
550    $5 z $0 Voir aussi $3 15955494 $7 ba0yba0y $8 fre    $9     $a Prêts hypothécaires à risque
550    $5 g $3 11941830 $7 ba0yba0y $8 fre    $9     $a Crises économiques
550    $5 g $3 16543251 $7 ba0yba0y $8 fre    $9     $a Histoire économique $z 2008-....
686    $a 330 $c Economie $2 Note de regroupement par domaine
686    $a 900 $c Histoire et géographie (généralités) $2 Note de regroupement par domaine
801    $a FR $b FR-751131015 $c 20120511
810    $a Encycl. universalis : Économie mondiale 2008 : de la crise financière à la crise économique - http://www.universalis-edu.com (2010-08-17) $a Wikipédia : Crise économique dite de la Grande Récession (2008 et après) - http://fr.wikipedia.org (2012-05-10)
810    $a La crise économique et financière de 2008-2009 : l'entrée dans le 21e siècle ?, 2010 $a La crise financière en 40 concepts clés / C. Karyotis, 2009 $a Les 100 mots de crise financière / B. Jacquillat, V. Lévy-Garboua, 2009 $a Crise financière et économique internationale : analyses théoriques et empiriques et implications pour le continent africain, 2010 $a En attendant d'y voir plus clair / M. Turin [in] Les Échos, 2008, 20168
822 1  $a Global Financial Crisis, 2008-2009 $2 LCSH $u http://id.loc.gov/authorities/subjects/sh2009003683 $d 2017-02-09
856    $u http://www.universalis-edu.com $e 2010-08-17 $u http://fr.wikipedia.org $e 2012-05-10
999    $a FRBNF159575739 $b 15957573

