00906cx  a2200253   4500
001 113775
003 http://catalogue.bnf.fr/ark:/12148/cb16667075v
005 20240507044931.0
010    $a 0000000102011940 $2 VIAF $d 20130808
033    $a http://catalogue.bnf.fr/ark:/12148/cb16667075v
035    $a FRBNF166670753
100    $a 20130301afrey50      ba0
101    $a ger
102    $a DE
103    $a  1960
105    $a a
106    $a 1
120    $a b
152    $c 2 $b NP
200    $7 ba0yba0y $8 fre    $9  0  $a Beiser $b Rudi $f 1960-....
300 0  $a Cultivateur de plantes médicinales et de plantes sauvages pour tisanes (en 2014)
801    $a FR $b FR-751131015 $c 20140321
810    $a Créer un jardin de plantes médicinales / Rudi Beiser ; [traduit de l'allemand par Pierre Bertrand], DL 2013 $a Fleurs et fruits sauvages pour tisanes / Rudi Beiser,  DL 2013
999    $a FRBNF166670753 $b 16667075

