00786nx  a2200241   4500
001 115401
003 http://catalogue.bnf.fr/ark:/12148/cb167179922
005 20240507041701.0
010    $a 0000000038414656 $2 ISNI $d 20150312
033    $a http://catalogue.bnf.fr/ark:/12148/cb167179922
035    $a FRBNF167179928
100    $a 20131021afrey50      ba0
101    $a eng
102    $a US
103    $a  1968
105    $a a
106    $a 1
120    $a b
152    $c 2 $b NP
200    $7 ba0yba0y $8 fre    $9  0  $a Sayrafiezadeh $b Saïd $f 1968-....
801    $a FR $b FR-751131015 $c 20131021
810    $a Le jour où les skateboards seront gratuis : récit / Saïd Sayrafiezadeh ; traduit de l'anglais (États-Unis) par Fabrice Pointeau, impe. 2013
999    $a FRBNF167179928 $b 16717992

