02376cx  a2200433   4500
001 118482
003 http://catalogue.bnf.fr/ark:/12148/cb13334941r
005 20240517044802.0
033    $a http://catalogue.bnf.fr/ark:/12148/cb13334941r
035    $a FRBNF133349416
039    $o OPL $a 014150953
100    $a 19981127afrey50      ba0
106    $a 211
152    $b SNC $c 2
159    $a rameau
250    $7 ba0yba0y $8 fre    $9     $a Drones
450    $7 ba0yba0y $8 fre    $9     $a Avions automatiques
450    $7 ba0yba0y $8 fre    $9     $a Avions de reconnaissance sans pilotes
450    $7 ba0yba0y $8 fre    $9     $a Avions légers télépilotés
450    $7 ba0yba0y $8 fre    $9     $a Avions sans pilotes
450    $7 ba0yba0y $8 fre    $9     $a Gnoptères
450    $7 ba0yba0y $8 fre    $9     $a Objets volants miniatures
450    $7 ba0yba0y $8 fre    $9     $a Robots volants
550    $5 z $0 Voir aussi $3 13565423 $7 ba0yba0y $8 fre    $9     $a Aéronefs à décollage vertical
550    $5 z $0 Voir aussi $3 17702311 $7 ba0yba0y $8 fre    $9     $a Drones terrestres
550    $5 z $0 Voir aussi $3 11982982 $7 ba0yba0y $8 fre    $9   2 $a Avions de reconnaissance
550    $5 h $3 18024386 $7 ba0yba0y $8 fre    $9     $a Drones sous-marins
550    $5 h $3 17122932 $7 ba0yba0y $8 fre    $9     $a Drones militaires
550    $5 h $3 16219240 $7 ba0yba0y $8 fre    $9     $a Microdrones à ailes battantes
550    $5 g $3 11931002 $7 ba0yba0y $8 fre    $9   2 $a Avions
550    $5 g $3 13335019 $7 ba0yba0y $8 fre    $9     $a Véhicules télécommandés
686    $a 600 $c Sciences appliquées $2 Note de regroupement par domaine
801    $a FR $b FR-751131015 $c 20080317
810    $a Grand dict. encyclopédique Larousse $a Encycl. universalis - http://www.universalis-edu.com (2008-03-17)
810    $a Rapport d'information fait au nom de la Commission des affaires étrangères, de la défense et des forces armées à la suite d'une mission sur le rôle des drones dans les armées / Commission des affaires étrangères, de la défense et des forces armées, 2006 $a Quel avenir pour les drones ? / P. Pascallon, 1998 $a Objets volants miniatures : modélisation et commande embarquée / R. Lozano, 2007
822 12 $a Drones $2 RVMLaval $d 2008-03-17
822 1  $a Drone aircraft $2 LCSH $u http://id.loc.gov/authorities/subjects/sh85039623 $d 2017-02-09
856    $u http://www.universalis-edu.com $e 2008-03-17
999    $a FRBNF133349416 $b 13334941

