02183cx  a2200337   4500
001 121356
003 http://catalogue.bnf.fr/ark:/12148/cb12463377h
005 20240514023914.0
033    $a http://catalogue.bnf.fr/ark:/12148/cb12463377h
035    $a FRBNF124633773
039    $o OPL $a 011427320
100    $a 19950512afrey50      ba0
106    $a 211
152    $b SNC $c 2
159    $a rameau
250    $7 ba0yba0y $8 fre    $9     $a Virus Ebola
300 1  $a Rang taxonomique : genre
450    $7 ba0yba0y $8 fre    $9     $a Ebola virus
450    $7 ba0yba0y $8 fre    $9  0  $a Ebolavirus
450    $7 ba0yba0y $8 fre    $9     $a Virus de la fièvre Ebola
550    $5 z $0 Voir aussi $3 12463382 $7 ba0yba0y $8 fre    $9     $a Maladie à virus Ebola
550    $5 g $3 12463356 $7 ba0yba0y $8 fre    $9     $a Filoviridés
686    $a 579 $2 Note de regroupement par domaine
801    $a FR $b FR-751131015 $c 20121119
810    $a Encycl. Larousse - http://www.larousse.fr/encyclopedie (2012-11-19) $a Encycl. universalis (art. : Fièvres hémorragiques virales) - http://www.universalis-edu.com (2012-11-19)
810    $a Dict. de biologie / J. Berthet, 2007 (art. : Filoviridés) $a Dict. illustré des termes de médecine, 2008 $a Dict. des sciences animales / C. Meyer (art. : Filoviridés) - http://dico-sciences-animales.cirad.fr (2012-11-19) $a TermSciences (art. : Ebolavirus) - http://www.termsciences.fr (2012-11-19) $a NCBI : Ebolavirus - http://www.ncbi.nlm.nih.gov/Taxonomy (2012-11-19) $a Dict. de médecine Flammarion, 2008 : Ebola virus $a Dict. de l'Académie de médecine : Ebola (virus) - http://dictionnaire.academie-medecine.fr (2012-11-19) $a International Committee on Taxonomy of Viruses : Ebolavirus - http://ictvonline.org (2012-11-12)
822 12 $a Virus Ebola $2 RVMLaval $d 2012-11-19
822 11 $2 LCSH $d 2012-11-19
856    $u http://www.larousse.fr/encyclopedie $e 2012-11-19 $u http://www.universalis-edu.com $e 2012-11-19
856    $u http://dico-sciences-animales.cirad.fr $e 2012-11-19 $u http://www.termsciences.fr $e 2012-11-19 $u http://www.ncbi.nlm.nih.gov/Taxonomy $e 2012-11-19 $u http://dictionnaire.academie-medecine.fr $e 2012-11-19 $u http://ictvonline.org $e 2012-11-12
999    $a FRBNF124633773 $b 12463377

00194    a2200085   4500
001 123045
005 20160124235004.0
210    $a Confrérie du Puy Notre Dame $c Amiens, Somme
100    $a 20160124afrey50      ba0
152    $b CO

00173    a2200085   4500
001 126179
005 20160124235247.0
210    $a Nord nature Saint-Omer
100    $a 20160124afrey50      ba0
152    $b CO

00210    a2200085   4500
001 130052
005 20160124235636.0
210    $a Théâtre de marionnettes Espiral $c Mexico $x Représentations
100    $a 20160124afrey50      ba0
152    $b CO

00178    a2200085   4500
001 132827
005 20160125000105.0
210    $a Fluide glacial-Audie $c Paris
100    $a 20160125afrey50      ba0
152    $b CO

00167    a2200085   4500
001 140981
005 20160125003203.0
220    $a Murat (famille)
100    $a 20160125afrey50      ba0
152    $b FAM

00194    a2200085   4500
001 142582
005 20160125004832.0
215    $a Espagne $z 14e siècle $x Pièces de théâtre
100    $a 20160125afrey50      ba0
152    $b SNG

00168    a2200085   4500
001 148466
005 20160125010748.0
200    $a Buriez $b Stéphane
100    $a 20160125afrey50      ba0
152    $b NP

00168    a2200085   4500
001 152684
005 20160125010906.0
200    $a Fasquelle $b Daniel
100    $a 20160125afrey50      ba0
152    $b NP

00194    a2200085   4500
001 158434
005 20160125011107.0
200    $a Carlson $b Carolyn $f 1942-.... $x Bandes vidéos
100    $a 20160125afrey50      ba0
152    $b NP

00166    a2200085   4500
001 164730
005 20160125011409.0
200    $a Levasseur $b Eric
100    $a 20160125afrey50      ba0
152    $b NP

00171    a2200085   4500
001 167731
005 20160125011513.0
200    $a Bonnet-Rochaix $b Nade
100    $a 20160125afrey50      ba0
152    $b NP

00165    a2200085   4500
001 171976
005 20160125011704.0
200    $a Bazin $b Charley
100    $a 20160125afrey50      ba0
152    $b NP

00166    a2200085   4500
001 175117
005 20160125011817.0
200    $a De Lugg $b Milton
100    $a 20160125afrey50      ba0
152    $b NP

00163    a2200085   4500
001 177918
005 20160125011928.0
200    $a Herlin $b Anne
100    $a 20160125afrey50      ba0
152    $b NP

00164    a2200085   4500
001 183782
005 20160125012208.0
200    $a Jalade $b M.-A.
100    $a 20160125afrey50      ba0
152    $b NP

00163    a2200085   4500
001 189664
005 20160125012452.0
200    $a Pennel $b Jean
100    $a 20160125afrey50      ba0
152    $b NP

00165    a2200085   4500
001 195521
005 20160125012806.0
200    $a Pasdoc $b André
100    $a 20160125afrey50      ba0
152    $b NP

00174    a2200085   4500
001 200506
005 20160125013043.0
200    $a Schlichting Neto $b José
100    $a 20160125afrey50      ba0
152    $b NP

00178    a2200085   4500
001 204528
005 20160125013245.0
200    $a Bedford $b Francis $f 1816-1894
100    $a 20160125afrey50      ba0
152    $b NP

00163    a2200085   4500
001 215384
005 20160125013936.0
200    $a Lumet $b Louis
100    $a 20160125afrey50      ba0
152    $b NP

00169    a2200085   4500
001 235492
005 20160125015018.0
200    $a Prouvost $b Amédée
100    $a 20160125afrey50      ba0
152    $b NP

00210    a2200085   4500
001 238145
005 20160125015305.0
250    $a Littérature française $z 20e siècle $x Histoire et critique
100    $a 20160125afrey50      ba0
152    $b SNC

00185    a2200085   4500
001 240380
005 20160125015505.0
250    $a Fruits $x Bibliographie $x Catalogues
100    $a 20160125afrey50      ba0
152    $b SNC

00204    a2200085   4500
001 242444
005 20160125015704.0
250    $a Technologie de l'information $y France $y Roubaix (Nord)
100    $a 20160125afrey50      ba0
152    $b SNC

00191    a2200085   4500
001 244963
005 20160125015857.0
250    $a Violon et piano, Musique de $x Partitions
100    $a 20160125afrey50      ba0
152    $b SNC

00219    a2200085   4500
001 247213
005 20160125020050.0
250    $a Livres et lecture $y France $y Nord (France) $x Bibliographie $x Catalogues
100    $a 20160125afrey50      ba0
152    $b SNC

00168    a2200085   4500
001 249857
005 20160125020344.0
250    $a Jours (broderie)
100    $a 20160125afrey50      ba0
152    $b SNC

00237    a2200085   4500
001 254478
005 20160125020720.0
250    $a Adolescents $y France $y Lille (Nord ; agglomération) $x Conditions sociales $x Périodiques
100    $a 20160125afrey50      ba0
152    $b SNC

00217    a2200085   4500
001 257083
005 20160125020941.0
250    $a Rock (musique) $y France $y Nord-Pas-de-Calais (France) $x Périodiques
100    $a 20160125afrey50      ba0
152    $b SNC

00243    a2200085   4500
001 263214
005 20160125021754.0
250    $a Pilotes militaires (aéronautique) $y France $y Nord-Pas-de-Calais (France) $x Récits personnels
100    $a 20160125afrey50      ba0
152    $b SNC

