03182cx  a2200565   4500
001 266731
003 http://catalogue.bnf.fr/ark:/12148/cb119600630
005 20240519075308.0
033    $a http://catalogue.bnf.fr/ark:/12148/cb119600630
035    $a FRBNF11960063X
039    $o OPL $a 001899237
100    $a 19840124afrey50      ba0
106    $a 201
152    $b GENRE/FORM $c 2
159    $a rameau
180    $a b
280  0 $7 ba0yba0y $8 fre    $9     $a Autobiographie
305 1  $a Voir aussi les vedettes du type Autobiographie [adjectif de civilisation, ethnique, de langue, de nationalité ou géographique, ou de religion]
305 1  $a Voir aussi la subdivision de forme Biographies à tous sujets noms communs et noms propres
305 1  $a Voir aussi la subdivision de forme Récits personnels aux collectivités, guerres, lieux (en subdivision de subdivision) et sujets noms communs appropriés (événements historiques, situations et expériences particulières, etc.)
330    $a S'emploie également en subdivision
480  0 $7 ba0yba0y $8 fre    $9     $a Autobiographies
480  0 $7 ba0yba0y $8 fre    $9     $a Écrits autobiographiques
480  0 $7 ba0yba0y $8 fre    $9     $a Littérature autobiographique
480  0 $7 ba0yba0y $8 fre    $9     $a Récits autobiographiques
550    $5 z $0 Voir aussi $3 18095547 $7 ba0yba0y $8 fre    $9     $a Ego-histoire
550    $5 z $0 Voir aussi $3 11932514 $7 ba0yba0y $8 fre    $9     $a Égotisme
580  0 $5 z $0 Voir aussi $3 11935764 $7 ba0yba0y $8 fre    $9     $a Biographie
580  0 $5 z $0 Voir aussi $3 11932166 $7 ba0yba0y $8 fre    $9     $a Journaux intimes
580  0 $5 z $0 Voir aussi $3 16764775 $7 ba0yba0y $8 fre    $9     $a Mémoires $x genre littéraire
580  0 $5 z $0 Voir aussi $3 11976851 $7 ba0yba0y $8 fre    $9     $a Récits personnels
580  0 $5 h $3 16945288 $7 ba0yba0y $8 fre    $9     $a Autobiographie antique
580  0 $5 h $3 16945326 $7 ba0yba0y $8 fre    $9     $a Autobiographie de la Renaissance
580  0 $5 h $3 16945291 $7 ba0yba0y $8 fre    $9     $a Autobiographie médiévale
580  0 $5 h $3 16948837 $7 ba0yba0y $8 fre    $9     $a Autobiographie spirituelle
580  0 $5 h $3 16741791 $7 ba0yba0y $8 fre    $9     $a Bandes dessinées autobiographiques
580  0 $5 h $3 16959031 $7 ba0yba0y $8 fre    $9     $a Photobiographie
580  0 $5 h $3 16912838 $7 ba0yba0y $8 fre    $9     $a Poésie autobiographique
580  0 $5 h $3 11932786 $7 ba0yba0y $8 fre    $9     $a Roman autobiographique
580  0 $5 h $3 15115001 $7 ba0yba0y $8 fre    $9     $a Théâtre autobiographique
580  0 $5 g $3 11939456 $7 ba0yba0y $8 fre    $9     $a Littérature
686    $a 801 $c Poésie $2 Note de regroupement par domaine
686    $a 900 $c Histoire et géographie (généralités) $2 Note de regroupement par domaine
801    $a FR $b FR-751131015 $c 20230804
810    $a Grand Larousse universel
810    $a Dict. des termes littéraires, 2002 $a Dict. du littéraire / P. Aron, D. Saint-Jacques, A. Viala, 2010
822 12 $a Autobiographies $2 LCGFT $u http://id.loc.gov/authorities/genreForms/gf2014026047 $d 2023-08-04
822 12 $a Autobiographies $2 LCSH $u http://id.loc.gov/authorities/subjects/sh85010049 $d 2023-08-04
822 12 $a Autobiographies $2 RVMLaval $d 2023-08-04
999    $a FRBNF11960063X $b 11960063

