02083cx  a2200409   4500
001 268049
003 http://catalogue.bnf.fr/ark:/12148/cb125056841
005 20240519070914.0
033    $a http://catalogue.bnf.fr/ark:/12148/cb125056841
035    $a FRBNF125056844
039    $o OPL $a 012322863
100    $a 19960315afrey50      ba0
106    $a 211
152    $b SNC $c 2
159    $a rameau
250    $7 ba0yba0y $8 fre    $9     $a Domination
450    $7 ba0yba0y $8 fre    $9     $a Domination politique
450    $7 ba0yba0y $8 fre    $9     $a Domination sociale
450    $7 ba0yba0y $8 fre    $9     $a Intersectionnalité
550    $5 z $0 Voir aussi $3 16123892 $7 ba0yba0y $8 fre    $9     $a Womanisme
550    $5 z $0 Voir aussi $3 13318762 $7 ba0yba0y $8 fre    $9     $a Autoritarisme
550    $5 z $0 Voir aussi $3 11934065 $7 ba0yba0y $8 fre    $9     $a Autorité
550    $5 z $0 Voir aussi $3 16978781 $7 ba0yba0y $8 fre    $9     $a Discrimination multiple
550    $5 z $0 Voir aussi $3 12571870 $7 ba0yba0y $8 fre    $9     $a Émancipation
550    $5 z $0 Voir aussi $3 11932875 $7 ba0yba0y $8 fre    $9     $a Obéissance
550    $5 z $0 Voir aussi $3 11976503 $7 ba0yba0y $8 fre    $9     $a Oppression
550    $5 z $0 Voir aussi $3 11936578 $7 ba0yba0y $8 fre    $9     $a Pouvoir $x philosophie
550    $5 g $3 11933106 $7 ba0yba0y $8 fre    $9     $a Philosophie politique
550    $5 g $3 11956919 $7 ba0yba0y $8 fre    $9     $a Philosophie sociale
686    $a 100 $c Philosophie $2 Note de regroupement par domaine
686    $a 300 $c Sciences sociales $2 Note de regroupement par domaine
686    $a 320 $c Sciences politiques $2 Note de regroupement par domaine
801    $a FR $b FR-751131015 $c 20210909
810    $a Les notions philosophiques / S. Auroux, 1990 $a Lexique des sciences sociales / M. Grawitz, 1994 $a Grand dict. de la philosophie / M. Blay, 2003 $a Philosophical perspectives on power and domination / L. D. Kaplan, L. F. Bove, 1997
822 15 $a Intersectionnalité $2 RVMLaval $d 2021-09-09
822 15 $a Intersectionality (Sociology) $2 LCSH $u http://id.loc.gov/authorities/subjects/sh2017003056 $d 2021-09-09
999    $a FRBNF125056844 $b 12505684

