01118cx  a2200349   4500
001 270825
003 http://catalogue.bnf.fr/ark:/12148/cb12060132k
005 20240509033523.0
010    $a 0000000108879089 $2 VIAF $d 20130724
033    $a http://catalogue.bnf.fr/ark:/12148/cb12060132k
035    $a FRBNF120601326
039    $o OPL $a 004844274 $z AMA
039    $o OPL $a 003837978 $z APP
039    $o OPP $a 10364224 $d 20170315
100    $a 19870101afrey50      ba0
101    $a ger
102    $a XX
103    $a  18491122  19230629
105    $a a
106    $a 010
120    $a b
152    $c 2 $b NP
200    $7 ba0yba0y $8 fre    $9  0  $a Mauthner $b Fritz $f 1849-1923
300    $a Philosophe et romancier
301    $a Horitz (Empire austro-hongrois) $b Meersburg am Bodensee, Allemagne
400    $7 ba0yba0y $8 fre    $9     $a Mauthner $b Franz $f 1849-1923
400    $7 ba0yba0y $8 fre    $9     $a Mautner $b Fritz $f 1849-1923
801    $a FR $b FR-751131015 $c 20170315
810    $a Prager Jugendjahre / Fritz Mauthner, 1969
810    $a Brockhaus, 17 éd. $a Wilpert
810    $a BN Cat. gén.
999    $a FRBNF120601326 $b 12060132

