00818nx  a2200241   4500
001 272214
003 http://catalogue.bnf.fr/ark:/12148/cb171522905
005 20240519050452.0
010    $a 0000000420607782 $2 ISNI $d 20170927
033    $a http://catalogue.bnf.fr/ark:/12148/cb171522905
035    $a FRBNF171522902
100    $a 20170921afrey50      ba0
102    $a XX
103    $a  19..
105    $a a
106    $a 1
120    $a b
152    $c 2 $b NP
200    $7 ba0yba0y $8 fre    $9  0  $a Silas $b Thony
300 0  $a Dessinateur de bandes dessinées
801    $a FR $b FR-751131015 $c 20170921
810    $a L'ère du dragon noir [Texte imprimé] / scénario, Kyle Higgins ; dessin, Thony Silas... Hendry Prasetya... ; couleur, Matt Herms.... - Grenoble : Glénat, DL 2017.
999    $a FRBNF171522902 $b 17152290

