01620cx  a2200301   4500
001 273803
003 http://catalogue.bnf.fr/ark:/12148/cb11889162b
005 20240508054125.0
010    $a 0000000061316114 $2 VIAF $d 20130724
033    $a http://catalogue.bnf.fr/ark:/12148/cb11889162b
035    $a FRBNF118891623
039    $o OPL $a 00040875X
100    $a 19831006afrey50      ba0
101    $a fre
102    $a FR
103    $a  19460808  20150412
105    $a a
106    $a 1
120    $a a
200    $7 ba0yba0y $8 fre    $9  0  $a Arnauld $b Marie-Paule $f 1946-2015
300 0  $a Archiviste paléographe (promotion 1971). - Conservatrice à la Direction des Archives de France (1987). - Directrice des Archives départementales de Haute-Vienne (1990). - Directrice du Musée des monuments français (2004). - Présidente de la Société de l'École des chartes (2010)
301    $a Cognac (Charente) $b Paris, 6e arrondissement (France)
801    $a FR $b FR-751131015 $c 20240425
810    $a Le Notaire au siècle des Lumières / M.-P. Arnauld, 1988 $a Manufacture de porcelaines Haviland / Archives départementales de la Haute-Vienne ; [réd.] par Hélène Taillemite ; sous la dir. de Marie-Paule Arnauld, 1993
810    $a Livret de l'École des chartes, 1967-2007 / [sous la direction de Bernard Barbiche], 2010 $a Bibliothèque de l'École des chartes, t. 173, p. 573-577 (notice nécrologique) $a Match ID : Cancel, Marie-Paule Jeanne Emma - https://deces.matchid.io/id/wXE_PEreUvcf (2024-04-25)
856    $u https://deces.matchid.io/id/wXE_PEreUvcf $e 2024-04-25
999    $a FRBNF118891623 $b 11889162
152    $b NP

