00906nx  a2200253   4500
001 277325
003 http://catalogue.bnf.fr/ark:/12148/cb17111394r
005 20240518055948.0
010    $a 0000000449553968 $2 ISNI $d 20170308
033    $a http://catalogue.bnf.fr/ark:/12148/cb17111394r
035    $a FRBNF171113948
100    $a 20170302afrey50      ba0
101    $a ger
102    $a DE
103    $a  1965
105    $a a
106    $a 1
120    $a a
152    $c 2 $b NP
200    $7 ba0yba0y $8 fre    $9  0  $a Kalisa $b Karin $f 1965-....
300 0  $a Romancière, linguiste, philosophe et spécialiste de la culture classique
801    $a FR $b FR-751131015 $c 20170302
810    $a La mélodie familière de la boutique de Sung [Texte imprimé] : roman / Karin Kalisa ; traduit de l'allemand par Rose Labourie. - Paris : Éditions Héloïse d'Ormesson, DL 2016.
999    $a FRBNF171113948 $b 17111394

