00989cx  a2200253   4500
001 278692
003 http://catalogue.bnf.fr/ark:/12148/cb16963296x
005 20240510023305.0
010    $a 000000045320463X $2 ISNI $d 20171219
033    $a http://catalogue.bnf.fr/ark:/12148/cb16963296x
035    $a FRBNF169632964
100    $a 20150505afrey50      ba0
101    $a fre
102    $a FR
103    $a  1956
105    $a a
106    $a 1
120    $a b
200    $7 ba0yba0y $8 fre    $9  0  $a Savoye $b Jean-Marc $f 1956-....
300 0  $a Éditeur. - Cofondateur du site de critiques littéraires Onlalu.com.
801    $a FR $b FR-751131015 $c 20170224
810    $a J'aime pas ma banque ou Pourquoi j'ai quitté la Société Générale [Texte imprimé] / Jean-Marc Savoye ; [postface de Dominique Bourel]. - [Paris] : le Publieur, cop. 2014. $a Les heures claires de la Villa Savoye / Jean-Philippe Delhomme, Jean-Marc Savoye, DL 2015
999    $a FRBNF169632964 $b 16963296
152    $b NP

