01790cx  a2200421   4500
001 281225
003 http://catalogue.bnf.fr/ark:/12148/cb10634069r
005 20180726124657.0
010    $a 0000000122592279 $2 VIAF $d 20130716
039    $o OPP $a 11032627 $d 20140410
039    $o OPP $a 11817954 $d 20140410
039    $o OPP $a 14926377 $d 20140410
039    $o OPP $a 15482732 $d 20140410
039    $o OPP $a 14314297 $d 20140410
039    $o OPP $a 10654576 $d 20180420
100    $a 19970701afrey50      ba0
101    $a fre
102    $a FR
103    $a  18730706  19540727
105    $a a
106    $a 010
120    $a b
152    $a AFNOR Z 44-061 $b NP
200    $a Redier $b Antoine $f 1873-1954
300    $a Écrivain, essayiste, romancier et éditeur. - A été directeur de "La Revue française". - Lieutenant d'infanterie lors de la Grande guerre
300    $a Épouse le 19 juillet 1934 Marie-Léonie Vanhoutte (1888-1967)
301    $a Meudon (Hauts-de-Seine) $b Paris (France)
400    $7 ba0yba0y $8 fre    $a Redier $b Antoine Jean Louis $f 1873-1954
686    $a 800 $c Littératures $2 Note de regroupement par domaine
686    $a 944 $c Histoire de la France $2 Note de regroupement par domaine
801    $a FR $b FR-751131015 $c 20140410
810    $a Ce qu'on appelle le monde / Antoine Redier, 1932
810    $a Leonore : 6 juillet 1873 - http://www.culture.gouv.fr (2014-04-08) $a World biographical index - http://www.biblio.tu-bs.de (2002-07-15) $a Lorenz, 1916-1918 : donne par erreur 1883 comme année de naissance $a Lorenz, 1922-1925 : donne 1878 comme année de naissance
810    $a BN Cat. gén. : Redier (Antoine-Jean-Louis) $a BN Cat. gén. suppl.
009 http://catalogue.bnf.fr/ark:/12148/cb10634069r
035    $a FRBNF106340690
998    $a 163007
999    $a 10634069

