00924cx  a2200253   4500
001 283997
003 http://catalogue.bnf.fr/ark:/12148/cb12206450w
005 20240514050210.0
010    $a 0000000000782648 $2 ISNI $d 20150312
033    $a http://catalogue.bnf.fr/ark:/12148/cb12206450w
035    $a FRBNF122064501
039    $o OPL $a 00719973X
100    $a 19910627afrey50      ba0
101    $a fre
102    $a FR
105    $a a
106    $a 1
200    $7 ba0yba0y $8 fre    $9  0  $a Pellegrin $b Jacques
300 0  $a Membre de la Direction de l'audit et de l'inspection générale à la SNCF (en 1992)
801    $a FR $b FR-751131015 $c 19920311
810    $a La Concurrence entre le rail et la route : évolution et perspectives : promotion "Condorcet" / École nationale d'administration, Direction des études ; groupe animé par Jacques Pellegrin, 1991
810    $a BA 1992
999    $a FRBNF122064501 $b 12206450
152    $b NP

