00928nx  a2200265   4500
001 285723
003 http://catalogue.bnf.fr/ark:/12148/cb13477689n
005 20180726124330.0
010    $a 0000000381545063 $2 ISNI $d 20150313
039    $o OPL $a 013551320
100    $a 19971110afrey50      ba0
101    $a fre
102    $a BE
105    $a a
106    $a 1
152    $a AFNOR Z 44-061 $c 2 $b NP
200    $a Lauwers-Derveaux $b Elisabeth
400    $7 ba0yba0y $8 fre    $a Derveaux $b Elisabeth Lauwers-
801    $a FR $b FR-751131015 $c 19971110
810    $a L'empire de flore  / Christian Coppens, Saskia de Bodt, René De Herdt... [et al.] ; sous la dir. de Sabine van Sprang ; avec la collab. de Gerda De Brabandere ; recherche iconographique Elisabeth Lauwers-Derveaux, 1996
815    $a LCNA (CD), 1996-06
009 http://catalogue.bnf.fr/ark:/12148/cb13477689n
035    $a FRBNF134776894
998    $a 171161
999    $a 13477689

