01332cx  a2200289   4500
001 290201
003 http://catalogue.bnf.fr/ark:/12148/cb144689211
005 20180726123514.0
010    $a 0000000072448075 $2 VIAF $d 20130801
100    $a 20180724 frey50
101    $a fre
102    $a CH
103    $a  19..      ....
105    $a a
106    $a 1
120    $a a
152    $a AFNOR Z 44-061 $c 2 $b NP
200    $a Hochuli Dubuis $b Paule
300 0  $a Licenciée en histoire de l'Université de Genève et diplômée de l'École des chartes de Paris. - Assistante conservatrice au Département des manuscrits de la Bibliothèque de Genève depuis 2003 (en 2006)
400    $7 ba0yba0y $8 fre    $a Dubuis $b Paule Hochuli
801    $a FR $b FR-751131015 $c 20070718
810    $a Registres du Conseil de Genève à l'époque de Calvin. Tome I, Du 1er mai au 31 décembre 1536 (volume 30, f. 1-139) / publiés sous la direction des Archives d'État de Genève ; texte établi par Paule Hochuli Dubuis, 2003 $a Une histoire du manuscrit médiéval illustrée par les chefs-d'oeuvre de la Bibliothèque de Genève / Paule Hochuli-Dubuis, 2006
810    $a Helveticat - http://www.helveticat.ch (2006-10-05)
009 http://catalogue.bnf.fr/ark:/12148/cb144689211
035    $a FRBNF144689217
998    $a 207458
999    $a 14468921

