00742cx  a2200241   4500
001 292328
003 http://catalogue.bnf.fr/ark:/12148/cb15062590r
005 20240507035317.0
010    $a 0000000005418546 $2 ISNI $d 20150312
033    $a http://catalogue.bnf.fr/ark:/12148/cb15062590r
035    $a FRBNF150625906
100    $a 20060504afrey50      ba0
102    $a FR
103    $a  19..
105    $a a
106    $a 1
120    $a b
200    $7 ba0yba0y $8 fre    $9  0  $a Pinson $b Sylvain
300 0  $a Réalisateur
801    $a FR $b FR-751131015 $c 20140312
810    $a Les Bodin's grandeur nature [Images animées] / Sylvain Pinson, réal. M6 vidéo ; Lancosme multimédia, 2006
999    $a FRBNF150625906 $b 15062590
152    $b NP

