01115cx  a2200277   4500
001 294069
003 http://catalogue.bnf.fr/ark:/12148/cb17757822k
005 20240519072914.0
010    $a 0000000502682110 $2 ISNI $d 20210616
033    $a http://catalogue.bnf.fr/ark:/12148/cb17757822k
035    $a FRBNF177578224
100    $a 20180829afrey50      ba0
101    $a fre
102    $a FR
103    $a  19551012
105    $a a
106    $a 1
120    $a b
200    $7 ba0yba0y $8 fre    $9  0  $a Petit $b Bernard $f 1955-.... $c commissaire
300 0  $a Commissaire de police à la retraite devenu romancier
801    $a FR $b FR-751131015 $c 20210611
810    $a Secrets de flic / Bernard Petit, DL 2018 $a La traque / Bernard Petit, DL 2021
810    $a Le Monde - https://www.lemonde.fr/societe/article/2015/02/05/l-ascension-contrariee-de-bernard-petit-policier-ambitieux_4570426_3224.html (2018-08-29)
856    $u https://www.lemonde.fr/societe/article/2015/02/05/l-ascension-contrariee-de-bernard-petit-policier-ambitieux_4570426_3224.html $e 2018-08-29
999    $a FRBNF177578224 $b 17757822
152    $b NP

