01177cx  a2200277   4500
001 308039
003 http://catalogue.bnf.fr/ark:/12148/cb150570299
005 20240516045854.0
010    $a 000000005471478X $2 VIAF $d 20130805
033    $a http://catalogue.bnf.fr/ark:/12148/cb150570299
035    $a FRBNF150570299
100    $a 20060410afrey50      ba0
101    $a fre
102    $a FR
103    $a  19610928
105    $a a
106    $a 1
120    $a b
200    $7 ba0yba0y $8 fre    $9  0  $a Consigny $b Thierry $f 1961-....
300 0  $a Diplômé de l'ENA. - Romancier. - Publicitaire. - Cofondateur de la société de communication "Les ouvriers du paradis"
801    $a FR $b FR-751131015 $c 20110719
810    $a La mort de Lara / Thierry Consigny, impr. 2006
810    $a Comédie du livre - http://comediedulivre.montpellier.fr/UserFiles/File/PROG_DEF.pdf (2007-04-10) $a Faits & documents - http://www.faits-et-documents.com/archives/113.pdf (2007-04-10)
856    $u http://comediedulivre.montpellier.fr/UserFiles/File/PROG_DEF.pdf $e 2007-04-10 $u http://www.faits-et-documents.com/archives/113.pdf $e 2007-04-10
999    $a FRBNF150570299 $b 15057029
152    $b NP

