01906cx  a2200325   4500
001 327317
003 http://catalogue.bnf.fr/ark:/12148/cb17042313m
005 20240508041945.0
033    $a http://catalogue.bnf.fr/ark:/12148/cb17042313m
035    $a FRBNF170423132
100    $a 20160426afrey50      ba0
106    $a 211
152    $b SNC $c 2
159    $a rameau
250    $7 ba0yba0y $8 fre    $9     $a Discrimination linguistique
450    $7 ba0yba0y $8 fre    $9     $a Discrimination selon la langue
450    $7 ba0yba0y $8 fre    $9     $a Glottophobie
450    $7 ba0yba0y $8 fre    $9     $a Langues $x Discrimination
550    $5 z $0 Voir aussi $3 12099992 $7 ba0yba0y $8 fre    $9   2 $a Langues $x Droit
550    $5 z $0 Voir aussi $3 11946264 $7 ba0yba0y $8 fre    $9   2 $a Politique linguistique
550    $5 g $3 13319080 $7 ba0yba0y $8 fre    $9     $a Discrimination
550    $5 g $3 11933281 $7 ba0yba0y $8 fre    $9     $a Sociolinguistique
686    $a 300 $c Sciences sociales $2 Note de regroupement par domaine
686    $a 401 $2 Note de regroupement par domaine
801    $a FR $b FR-751131015 $c 20181123
810    $a Rapport sur la discrimination linguistique et culturelle à l'égard des personnes appartenant à des groupes ou minorités en France / EBLUL France, Comité français du Bureau européen des langues moins répandues, 2005 - http://gpo.identitat-d-oc.net (2016-04-26) $a Les discriminations linguistiques, un obstacle majeur à l'éducation inclusive, plurilingue et interculturelle : que disent les textes internationaux de protection des droits de l'Homme ? / P. Blanchet, 2014 - http://parents.ecml.at (2016-04-26)
822 12 $a Discrimination in language $2 LCSH $u http://id.loc.gov/authorities/subjects/sh2014001823 $d 2018-11-23
822 12 $a Discrimination linguistique $2 RVMLaval $d 2018-11-13
856    $u http://gpo.identitat-d-oc.net $e 2016-04-26 $u http://parents.ecml.at $e 2016-04-26
999    $a FRBNF170423132 $b 17042313

00224    a2200097   4500
001 328775
005 20210126163233.0
250    $a Sentiments $x Dans la littérature
801    $a FR $b 595126101 $c 20210126
100    $a 20210126afrey50      ba0
152    $b SNC

