00757cx  a2200241   4500
001 329968
003 http://catalogue.bnf.fr/ark:/12148/cb170499505
005 20240510045956.0
010    $a 0000000459628177 $2 ISNI $d 20170201
033    $a http://catalogue.bnf.fr/ark:/12148/cb170499505
035    $a FRBNF170499500
100    $a 20160531afrey50      ba0
101    $a pol
102    $a XX
103    $a  19..
105    $a a
106    $a 1
120    $a a
152    $c 2 $b NP
200    $7 ba0yba0y $8 fre    $9  0  $a Spyrka $b Dorota
801    $a FR $b FR-751131015 $c 20160531
810    $a Maroc [document cartographique] : 3 en 1 : guide + atlas + carte / Grazyna Hanaf ; traduction Dorota Spyrka, Joanna Torzewska, 2015
999    $a FRBNF170499500 $b 17049950

