00728nx  a2200253   4500
001 340204
003 http://catalogue.bnf.fr/ark:/12148/cb18058851b
005 20240514034524.0
033    $a http://catalogue.bnf.fr/ark:/12148/cb18058851b
035    $a FRBNF180588513
100    $a 20230120afrey50      ba0
101    $a fre
102    $a FR
103    $a  2014
105    $a a $c e
106    $a 1
150    $a y $b b5
210    $7 ba0yba0y $8 fre    $9 20  $a Conflits $c Périodique
303    $a 1455 boulevard Pereire, 75017 Paris
801    $a FR $b FR-751131015 $c 20230120
810    $a Le déclin d'un monde, 2022
856    $u https://www.revueconflits.com/ $e 2023-01-20
999    $a FRBNF180588513 $b 18058851
152    $b CO

