01218cx  a2200313   4500
001 342769
003 http://catalogue.bnf.fr/ark:/12148/cb11910300w
005 20240512062915.0
010    $a 0000000052595457 $2 VIAF $d 20130724
033    $a http://catalogue.bnf.fr/ark:/12148/cb11910300w
035    $a FRBNF119103008
039    $o OPL $a 000967219
039    $o OPL $a 015587176 $z AMA
039    $o OPP $a 13737800 $d 20080424
100    $a 19820913afrey50      ba0
101    $a fre
102    $a FR
103    $a  19570419
105    $a a
106    $a 010
120    $a b
200    $7 ba0yba0y $8 fre    $9  0  $a La Mure $b Frédéric de $f 1957-....
300    $a Photographe. - Photographe officiel du ministère des Affaires étrangères (en 2001)
686    $a 770 $c Photographie $2 Note de regroupement par domaine
801    $a FR $b FR-751131015 $c 20230719
810    $a [Recueil. Photographies originales. Oeuvre de Frédéric de La Mure] [Image fixe] $a Docks / photogr., Frédéric de La Mure, 1995 $a Autour du Quai, autour du monde / photogr. de Frédéric de La Mure, 2001
815    $a Encyclopédie internationale des photographes / [Michèle et Michel Auer], 1992
999    $a FRBNF119103008 $b 11910300
152    $b NP

