00968cx  a2200301   4500
001 343915
003 http://catalogue.bnf.fr/ark:/12148/cb13026207d
005 20240511062621.0
010    $a 0000000121312204 $2 VIAF $d 20130730
033    $a http://catalogue.bnf.fr/ark:/12148/cb13026207d
035    $a FRBNF130262073
039    $o OPL $a 011857546
100    $a 19951221afrey50      ba0
101    $a fre
102    $a LB
103    $a  19680811
105    $a a
106    $a 1
120    $a a
152    $c 2 $b NP
200    $7 ba0yba0a $8 freara $9  0  $a Ziyādaẗ $b Lamyā $f 1968-....
300 0  $a Auteur et illustratrice de livres pour enfants
400    $7 ba0yba0e $8 fre    $9     $a Ziadé $b Lamia
700    $7 ba0yfa0y $8 freara $9  0  $a زيادة $b لميا $f 1968-....
801    $a FR $b FR-751131015 $c 20200114
810    $a Lola cartable / ill., Lamia Ziadé ; texte, Patrick Gloux, 1995
810    $a BnF Service arabe, 2018-07-30
999    $a FRBNF130262073 $b 13026207

