00784cx  a2200253   4500
001 344953
003 http://catalogue.bnf.fr/ark:/12148/cb15042597r
005 20240511034038.0
010    $a 0000000124334302 $2 ISNI $d 20161107
033    $a http://catalogue.bnf.fr/ark:/12148/cb15042597r
035    $a FRBNF15042597X
100    $a 20060215afrey50      ba0
101    $a eng
102    $a GB
103    $a  19..
105    $a a
106    $a 1
120    $a a
152    $c 2 $b NP
200    $7 ba0yba0y $8 fre    $9  0  $a Sleigh $b Charlotte
300 0  $a Enseignante à la Faculté d'histoire de l'Université du Kent à Canterbury, Grande-Bretagne (en 2005)
801    $a FR $b FR-751131015 $c 20060215
810    $a Fourmis / Charlotte Sleigh, DL 2005
999    $a FRBNF15042597X $b 15042597

